@article{axtell2001,
    author  = "Axtell, R. L.",
    title   = "Zipf distribution of {U.S.} firm sizes",
    year    = "2001",
    journal = "Science",
    volume  = "293",
    pages   = "1818--1820"
}

@online{mmorpg2014,
	url = "www.mmorpg.com/guilds.cfm/",
	title = "MMORPG Guild List",
	year = "2014",
	month = "May"
}

@article{BA1999,
	author = "Barabasi, A., and Albert, R.",
	title = "Emergence of Scaling in Random Networks",
	year = "1999",
	journal = "Science",
	volume = "286(5439)",
	pages = "509--512"
}
	
@article{CSN2009,
	author = "Clauset, A. and Shalizi, C. R. and Newman, M. E.",
	title = "Power-law distributions in empirical data",
	year = "2009",
	journal = "SIAM Review",
	volume = "51",
	pages = "661--703"
}
	
@article{granovetter1973,
	author = "Granovetter, M. S.",
	title = "The Strength of Weak Ties",
	year = "1973",
	journal = "American Journal of Sociology",
	volume = "78(6)",
	pages = "1360--1380",
}
	
@incollection{liljeros2008,
	author = "Liljeros, F.",
	title = "The Effect of Social Clustering on the Size of Voluntary Organizations", 
	booktitle = "Power Laws and Non-Equilibrium Distributions of Complexity in the Social Sciences",
	year = "2008",
	editor = "Cioffi-Revilla, C.",
	pages = "66--75",
	location = "Fairfax, VA",
	publisher = "open source"
}
	
@article{LAS2003,
	author = "Liljeros, F. and Amaral, L. A. and Stanley, H. E.",
	year = "2003",
	title = "Universal Mechanisms in the Growth of Voluntary Organizations",
	url = "arxiv.org/abs/nlin/0310001"
}

@book{simon1996,
	author = "Simon, H. A.",
	year = "1996",
	title = "Sciences of the Artificial",
	location = "Cambridge, Massachusetts",
	publisher = "The MIT Press"
}

@article{VC2014,
	author = "Virkar, Y., and Clauset, A.",
	year = "2014",
	title = "Power-law distributions in binned empirical data",
	journal = "Annals of Applied Statistics",
	volume = "8(1)",
	pages = "89--119"
}
